@ARTICLE{asv2015,
  author={Hansen, J.H.L. and Hasan, T.},
  journal={IEEE Sig. Proc. Mag.}, 
  title={Speaker Recognition by Machines and Humans: A tutorial review}, 
  year={2015},
  volume={32},
  number={6},
  pages={74-99},
  doi={10.1109/MSP.2015.2462851}
}

@inproceedings{
leaf,
title={{\{}LEAF{\}}: A Learnable Frontend for Audio Classification},
author={Neil Zeghidour and Olivier Teboul and F{\'e}lix de Chaumont Quitry and Marco Tagliasacchi},
booktitle={International Conference on Learning Representations},
year={2021},
}

@inproceedings{training_dyna2020,
  author={Erfan Loweimi and Peter Bell and Steve Renals},
  title={On the Robustness and Training Dynamics of Raw Waveform Models},
  year=2020,
  booktitle={Proc. Interspeech},
  pages={1001--1005},
  doi={10.21437/Interspeech.2020-17}
}

@INPROCEEDINGS{cosphase,
  author={Wu, Zhizheng and others},
  booktitle={Proc. ICASSP}, 
  title={Synthetic speech detection using temporal modulation feature}, 
  year={2013},
  volume={},
  number={},
  pages={7234-7238},
  doi={10.1109/ICASSP.2013.6639067}}


@ARTICLE{
   cmpoc,
   author = {Jichen Yang and Leian Liu},
   ISSN = {0013-5194},
   language = {English},
   title = {Playback speech detection based on magnitude–phase spectrum},
   journal = {Electronics Letters},
   issue = {14},   
   volume = {54},
   year = {2018},
   month = {July},
   pages = {901-903(2)},
   publisher ={Institution of Engineering and Technology},
   copyright = {© The Institution of Engineering and Technology},
   url = {https://digital-library.theiet.org/content/journals/10.1049/el.2018.0739}
}

@article{rawnet2019,
  title={RawNet: Advanced end-to-end deep neural network using raw waveforms for text-independent speaker verification},
  author={Jung, Jee-weon and Heo, Hee-soo and Kim, ju-ho and Shim, Hye-jin and Yu, Ha-jin},
  journal={Proc. Interspeech},
  pages={1268--1272},
  year={2019}
}

@inproceedings{magneto,
  author={Daniel Garcia-Romero and Greg Sell and Alan Mccree},
  title={{MagNetO}: X-vector Magnitude Estimation Network plus Offset for Improved Speaker Recognition},
  year=2020,
  booktitle={Proc. Odyssey 2020 The Speaker and Language Recognition Workshop},
  pages={1--8},
  doi={10.21437/Odyssey.2020-1},
  url={http://dx.doi.org/10.21437/Odyssey.2020-1}
}
@inproceedings{ecapa,
  author={Brecht Desplanques and others},
  title={{ECAPA-TDNN}: Emphasized Channel Attention, Propagation and Aggregation in {TDNN} Based Speaker Verification},
  year=2020,
  booktitle={Proc. Interspeech},
  pages={3830--3834},
  doi={10.21437/Interspeech.2020-2650}
}

@inproceedings{sincnet2_2019,
  author={Erfan Loweimi and Peter Bell and Steve Renals},
  title={On Learning Interpretable {CNNs} with Parametric Modulated Kernel-Based Filters},
  year=2019,
  booktitle={Proc. Interspeech},
  pages={3480--3484},
  doi={10.21437/Interspeech.2019-1257}
}

@inproceedings{nips2020_ntk,
 author = {Liu, Chaoyue and Zhu, Libin and Belkin, Misha},
 booktitle = {Advances in Neural Information Processing Systems},
 editor = {H. Larochelle and M. Ranzato and R. Hadsell and M. F. Balcan and H. Lin},
 pages = {15954--15964},
 publisher = {Curran Associates, Inc.},
 title = {On the linearity of large non-linear models: when and why the tangent kernel is constant},
 url = {https://proceedings.neurips.cc/paper/2020/file/b7ae8fecf15b8b6c3c69eceae636d203-Paper.pdf},
 volume = {33},
 year = {2020}
}


@article{dnn_asv2021,
    title = {Speaker recognition based on deep learning: An overview},
    journal = {Neural Networks},
    volume = {140},
    pages = {65-99},
    year = {2021},
    issn = {0893-6080},
    doi = {https://doi.org/10.1016/j.neunet.2021.03.004},
    url = {https://www.sciencedirect.com/science/article/pii/S0893608021000848},
    author = {Z. Bai and X. Zhang}
}

@ARTICLE{rastaplp1990,
  author={Hermansky, H. and Morgan, N.},
  journal={IEEE Transactions on Speech and Audio Processing}, 
  title={{RASTA} processing of speech}, 
  year={1994},
  volume={2},
  number={4},
  pages={578-589},
  doi={10.1109/89.326616}
}


@ARTICLE{ivector,
  author={Dehak, N. and Kenny, P. J. and Dehak, R. and Dumouchel, P. and Ouellet, P.},
  journal={IEEE Transactions on Audio, Speech, and Language Processing}, 
  title={Front-End Factor Analysis for Speaker Verification}, 
  year={2011},
  volume={19},
  number={4},
  pages={788-798},
  doi={10.1109/TASL.2010.2064307}
}

@INPROCEEDINGS{spncc2012,
  author={Harvilla, M. J. and Stern, R. M.},
  booktitle={Proc. ICASSP}, 
  title={Histogram-based subband powerwarping and spectral averaging for robust speech recognition under matched and multistyle training}, 
  year={2012},
  volume={},
  number={},
  pages={4697-4700},
  doi={10.1109/ICASSP.2012.6288967}}


@INPROCEEDINGS{learnable_filterbanks2018,
  author={Zeghidour, N. and Usunier, N. and Kokkinos, I. and Schaiz, T. and Synnaeve, G. and Dupoux, E.},
  booktitle={Proc. ICASSP}, 
  title={Learning Filterbanks from Raw Speech for Phone Recognition}, 
  year={2018},
  volume={},
  number={},
  pages={5509-5513},
  doi={10.1109/ICASSP.2018.8462015}
}

@INPROCEEDINGS{sincnet_separation2020,
  author={Pariente, M. and Cornell, S. and Deleforge, A. and Vincent, E.},
  booktitle={Proc. ICASSP}, 
  title={Filterbank Design for End-to-end Speech Separation}, 
  year={2020},
  volume={},
  number={},
  pages={6364-6368},
  doi={10.1109/ICASSP40776.2020.9053038}
}

@INPROCEEDINGS{pcen_pcmn_asv,
  author={Liu, X and Sahidullah, M and Kinnunen, T},
  booktitle={2021 IEEE Automatic Speech Recognition and Understanding Workshop (ASRU) (to appear)}, 
  title={Parameterized Channel Normalization for Far-field Deep Speaker Verification}, 
  year={2021},
  volume={},
  number={},
}

@INPROCEEDINGS{sincnet,
  author={Ravanelli, M. and Bengio, Y.},
  booktitle={2018 IEEE Spoken Language Technology Workshop (SLT)}, 
  title={Speaker Recognition from Raw Waveform with SincNet}, 
  year={2018},
  volume={},
  number={},
  pages={1021-1028},
  doi={10.1109/SLT.2018.8639585}
}

@inproceedings{wav2spk,
  author={W. Lin and M.W. Mak},
  title={{Wav2Spk}: A Simple {DNN} Architecture for Learning Speaker Embeddings from Waveforms},
  year=2020,
  booktitle={Proc. Interspeech},
  pages={3211--3215},
  doi={10.21437/Interspeech.2020-1287}
}

@INPROCEEDINGS{data_driven_harmonics,
  author={Won, M. and Chun, S. and Nieto, O. and Serrc, X.},
  booktitle={Proc. ICASSP}, 
  title={Data-Driven Harmonic Filters for Audio Representation Learning}, 
  year={2020},
  volume={},
  number={},
  pages={536-540},
  doi={10.1109/ICASSP40776.2020.9053669}}

@inproceedings{nplda2020,
  author={S. Ramoji and others},
  title={{NPLDA}: A Deep Neural PLDA Model for Speaker Verification},
  year=2020,
  booktitle={Proc. Odyssey 2020},
  pages={202--209},
  doi={10.21437/Odyssey.2020-29},
  url={http://dx.doi.org/10.21437/Odyssey.2020-29}
}

@INPROCEEDINGS{carafe,
  author={Wang, Jiaqi and Chen, Kai and Xu, Rui and Liu, Ziwei and Loy, Chen Change and Lin, Dahua},
  booktitle={Proc. ICCV}, 
  title={{CARAFE}: Content-Aware ReAssembly of FEatures}, 
  year={2019},
  pages={3007-3016},
  doi={10.1109/ICCV.2019.00310}}


@inproceedings{pase2019,
  author={S. Pascual and M. Ravanelli and J. Serrà and A. Bonafonte and Y. Bengio},
  title={Learning Problem-Agnostic Speech Representations from Multiple Self-Supervised Tasks},
  year=2019,
  booktitle={Proc. Interspeech},
  pages={161--165},
  doi={10.21437/Interspeech.2019-2605},
  url={http://dx.doi.org/10.21437/Interspeech.2019-2605}
}

@article{deepspeaker,
  author    = {C. Li and
               X. Ma and
               B. Jiang and
               X. Li and
               X. Zhang and
               X. Liu and
               Y. Cao and
               A. Kannan and
               Z. Zhu},
  title     = {Deep {S}peaker: an End-to-End Neural Speaker Embedding System},
  journal   = {CoRR},
  volume    = {abs/1705.02304},
  year      = {2017},
  url       = {http://arxiv.org/abs/1705.02304},
  archivePrefix = {arXiv}
}

@Inbook{human_auditory,
    author="Stern, Richard M.
    and Acero, Alejandro
    and Liu, Fu-Hua
    and Ohshima, Yoshiaki",
    editor="Lee, Chin-Hui
    and Soong, Frank K.
    and Paliwal, Kuldip K.",
    title="Signal Processing for Robust Speech Recognition",
    bookTitle="Automatic Speech and Speaker Recognition: Advanced Topics",
    year="1996",
    publisher="Springer US",
    address="Boston, MA",
    pages="357--384",
}

@phdthesis{kim_pncc_thesis2010,
  author       = {C. Kim}, 
  title        = {Signal processing for robust speech recognition motivated by auditory processing},
  school       = {Carnegie Mellon University, School of Computer Science},
  year         = 2010
}

@article{multitaper_mfcc_plp2013,
title = {Multitaper {MFCC} and {PLP} features for speaker verification using i-vectors},
journal = {Speech Communication},
volume = {55},
number = {2},
pages = {237-251},
year = {2013},
issn = {0167-6393},
doi = {https://doi.org/10.1016/j.specom.2012.08.007},
url = {https://www.sciencedirect.com/science/article/pii/S0167639312000994},
author = {M. J. Alam and others},
keywords = {Speaker verification, Multi-taper spectrum, Feature extraction, i-Vectors, MFCC, PLP}
}

@article{mhec,
title = {Mean Hilbert envelope coefficients ({MHEC}) for robust speaker and language identification},
journal = {Speech Communication},
volume = {72},
pages = {138-148},
year = {2015},
issn = {0167-6393},
doi = {https://doi.org/10.1016/j.specom.2015.04.005},
url = {https://www.sciencedirect.com/science/article/pii/S0167639315000618},
author = {Seyed Omid Sadjadi and John H.L. Hansen},
}

@book{agc,
  title={Automatic Gain Control: Techniques and Architectures for RF Receivers},
  author={J. Prez and others},
  publisher={Springer-Verlag New York},
  year={2011}
}

@INPROCEEDINGS{pcen_sed_2021,
  author={Ick, C. and McFee, B.},
  booktitle={Proc. ICASSP}, 
  title={Sound Event Detection in Urban Audio with Single and Multi-Rate {PCEN}}, 
  year={2021},
  volume={},
  number={},
  pages={880-884},
  doi={10.1109/ICASSP39728.2021.9414697}}


@INPROCEEDINGS{ge2e,
  author={Wan, L. and Wang, Q. and Papir, A. and Moreno, I.},
  booktitle={Proc. ICASSP}, 
  title={Generalized End-to-End Loss for Speaker Verification}, 
  year={2018},
  volume={},
  number={},
  pages={4879-4883},
  doi={10.1109/ICASSP.2018.8462665}
}

@INPROCEEDINGS{xvector2018,
  author={Snyder, D. and others},
  booktitle={Proc. ICASSP}, 
  title={X-Vectors: Robust {DNN} Embeddings for Speaker Recognition}, 
  year={2018},
  volume={},
  number={},
  pages={5329-5333},
  doi={10.1109/ICASSP.2018.8461375}}

@ARTICLE{mfcc1980,
  author={Davis, S. and Mermelstein, P.},
  journal={IEEE Transactions on Acoustics, Speech, and Signal Processing}, 
  title={Comparison of parametric representations for monosyllabic word recognition in continuously spoken sentences}, 
  year={1980},
  volume={28},
  number={4},
  pages={357-366},
  doi={10.1109/TASSP.1980.1163420}
}

@ARTICLE{Tomi_multitaper2012,
author={T. {Kinnunen} and others},
journal={IEEE Trans. on Audio, Speech, and Language Processing},
title={Low-Variance Multitaper {MFCC} Features: A Case Study in Robust Speaker Verification},
year={2012},
volume={20},
number={7},
pages={1990-2001},
doi={10.1109/TASL.2012.2191960},
ISSN={1558-7924},
}

@INPROCEEDINGS{pcen_dcase_2021,
  author={Ick, C. and McFee, B.},
  booktitle={Proc. ICASSP}, 
  title={Sound Event Detection in Urban Audio with Single and Multi-Rate Pcen},
  year={2021},
  volume={},
  number={},
  pages={880-884},
  doi={10.1109/ICASSP39728.2021.9414697}
}


@INPROCEEDINGS{pcen_2017,
  author={Wang, Y. and others},
  booktitle={Proc. ICASSP}, 
  title={Trainable frontend for robust and far-field keyword spotting}, 
  year={2017},
  volume={},
  number={},
  pages={5670-5674},
  doi={10.1109/ICASSP.2017.7953242}}

@INPROCEEDINGS{pncc_ivec_2016,
  author={W., Ning and W., Lei},
  booktitle={2016 IEEE International Conference on Consumer Electronics-China (ICCE-China)}, 
  title={Robust speaker recognition based on multi-stream features}, 
  year={2016},
  volume={},
  number={},
  pages={1-4},
  doi={10.1109/ICCE-China.2016.7849770}}


@inproceedings{Xuechen_feature2020,
  author={X. Liu and M. Sahidullah and T. Kinnunen},
  title={A Comparative Re-Assessment of Feature Extractors for Deep Speaker Embeddings},
  year=2020,
  booktitle={Proc. Interspeech},
  pages={3221--3225},
  doi={10.21437/Interspeech.2020-1765},
  url={http://dx.doi.org/10.21437/Interspeech.2020-1765}
}

@ARTICLE{pncc,
  author={Kim, C. and Stern, R. },
  journal={IEEE/ACM Trans. on Audio, Speech, and Language Processing}, 
  title={Power-Normalized Cepstral Coefficients ({PNCC}) for Robust Speech Recognition}, 
  year={2016},
  volume={24},
  number={7},
  pages={1315-1329},
  doi={10.1109/TASLP.2016.2545928}}
  
@ARTICLE{rasta,
  author={Hermansky, H. and Morgan, N.},
  journal={IEEE Transactions on Speech and Audio Processing}, 
  title={RASTA processing of speech}, 
  year={1994},
  volume={2},
  number={4},
  pages={578-589},
  doi={10.1109/89.326616}}
  
@INPROCEEDINGS{speech_restoration,
  author={Porter, J. and Boll, S.},
  booktitle={Proc. ICASSP}, 
  title={Optimal estimators for spectral restoration of noisy speech}, 
  year={1984},
  volume={9},
  number={},
  pages={53-56},
  doi={10.1109/ICASSP.1984.1172545}}
  
@ARTICLE{pcen_2018,
  author={Lostanlen, V. and others},
  journal={IEEE Sig.
Pro. Lett.}, 
  title={Per-Channel Energy Normalization: Why and How}, 
  year={2019},
  volume={26},
  number={1},
  pages={39-43},
  doi={10.1109/LSP.2018.2878620}}
  
@INPROCEEDINGS{uiai,
  author={Sahidullah, M. and Sarkar, A. and Vestman, V. and Liu, X. and Serizel, R. and Kinnunen, T. and Tan, Z. and Vincent, E.},
  booktitle={2021 IEEE Spoken Language Technology Workshop (SLT)}, 
  title={UIAI System for Short-Duration Speaker Verification Challenge 2020}, 
  year={2021},
  volume={},
  number={},
  pages={323-329},
  doi={10.1109/SLT48900.2021.9383596}}

@INPROCEEDINGS{Snyder_etdnn_2019,
  author={D. {Snyder} and others},
  booktitle={Proc. ICASSP}, 
  title={Speaker Recognition for Multi-speaker Conversations Using X-vectors}, 
  year={2019},
  volume={},
  number={},
  pages={5796-5800},
  doi={10.1109/ICASSP.2019.8683760}}
  
@inproceedings{astats_pooling,
  author={K. Okabe and others},
  title={Attentive Statistics Pooling for Deep Speaker Embedding},
  year=2018,
  booktitle={Proc. Interspeech},
  pages={2252--2256},
  doi={10.21437/Interspeech.2018-993},
  url={http://dx.doi.org/10.21437/Interspeech.2018-993}
}

@ARTICLE{aam_softmax,
  author={Wang, F. and Cheng, J. and Liu, W. and Liu, H.},
  journal={IEEE Signal Processing Letters}, 
  title={Additive Margin Softmax for Face Verification}, 
  year={2018},
  volume={25},
  number={7},
  pages={926-930},
  doi={10.1109/LSP.2018.2822810}}

@article{prosody,
title = {Modeling prosodic differences for speaker recognition},
journal = {Speech Communication},
volume = {49},
number = {4},
pages = {277-291},
year = {2007},
issn = {0167-6393},
doi = {https://doi.org/10.1016/j.specom.2007.02.005},
url = {https://www.sciencedirect.com/science/article/pii/S0167639307000271},
author = {A. Adami}
}

@inproceedings{adam,
  author    = {D. P. Kingma and
               J. Ba},
  title     = {Adam: {A} Method for Stochastic Optimization},
  booktitle = {3rd International Conference on Learning Representations, {ICLR} 2015,
               San Diego, CA, USA, May 7-9, 2015, Conference Track Proceedings},
  year      = {2015},
  url       = {http://arxiv.org/abs/1412.6980},
  timestamp = {Thu, 25 Jul 2019 14:25:37 +0200},
  biburl    = {https://dblp.org/rec/journals/corr/KingmaB14.bib},
  bibsource = {dblp computer science bibliography, https://dblp.org}
}

@INPROCEEDINGS{learnable_mfcc2021,
  author={Liu, X. and Sahidullah, M. and Kinnunen, T.},
  booktitle={2021 IEEE International Symposium on Circuits and Systems (ISCAS)}, 
  title={Learnable {MFCC}s for Speaker Verification}, 
  year={2021},
  volume={},
  number={},
  pages={1-5},
  doi={10.1109/ISCAS51556.2021.9401593}}

@INPROCEEDINGS{lpcc_2014,
    author={Jing, X. and Ma, J. and Zhao, J. and Yang, H.},
  booktitle={2014 IEEE International Conference on Signal Processing, Communications and Computing (ICSPCC)}, 
  title={Speaker recognition based on principal component analysis of LPCC and MFCC}, 
  year={2014},
  volume={},
  number={},
  pages={403-408},
  doi={10.1109/ICSPCC.2014.6986224}}


@article{aishell2,
  author    = {J. Du and
               X. Na and
               X. Liu and
               H. Bu},
  title     = {{AISHELL-2:} Transforming Mandarin {ASR} Research Into Industrial
               Scale},
  journal   = {CoRR},
  volume    = {abs/1808.10583},
  year      = {2018},
  url       = {http://arxiv.org/abs/1808.10583},
  archivePrefix = {arXiv},
}

@INPROCEEDINGS{gammatone,
    author = {R. D. Patterson and K. Robinson and J. Holdsworth and D. Mckeown and C. Zhang and M. Allerhand},
    title = {Complex sounds and auditory images},
    booktitle = {in Proc. 9th Int. Symp. Hearing Audit., Physiol. Perception},
    year = {1992},
    pages = {429--446}
}

@inproceedings{voxceleb2,
  author={J. Chung and others},
  title={VoxCeleb2: Deep Speaker Recognition},
  year=2018,
  booktitle={Proc. Interspeech},
  pages={1086--1090},
  doi={10.21437/Interspeech.2018-1929},
  url={http://dx.doi.org/10.21437/Interspeech.2018-1929}
}

@inproceedings{voxceleb1,
  author={A. Nagrani and J. Chung and A. Zisserman},
  title={VoxCeleb: A Large-Scale Speaker Identification Dataset},
  year=2017,
  booktitle={Proc. Interspeech},
  pages={2616--2620},
  doi={10.21437/Interspeech.2017-950},
  url={http://dx.doi.org/10.21437/Interspeech.2017-950}
}

@inproceedings{voxsrc2019,
  author={J. Chung and
               A. Nagrani and
               E. Coto and
               W. Xie and
               M. McLaren and
               D. A. Reynolds and
               A. Zisserman},
  title={Vox{SRC} 2019: The first VoxCeleb Speaker Recognition Challenge},
  year=2019,
  booktitle={ISCA archive},
}

@INPROCEEDINGS{voxmovies,
  author={Brown, A. and Huh, J. and Nagrani, A. and Chung, J. and Zisserman, A.},
  booktitle={Proc. ICASSP}, 
  title={Playing a Part: Speaker Verification at the movies}, 
  year={2021},
  volume={},
  number={},
  pages={6174-6178},
  doi={10.1109/ICASSP39728.2021.9413815}
}

@INPROCEEDINGS{pncc_2012,
  author={Kim, C. and Stern, R. M.},
  booktitle={Proc. ICASSP}, 
  title={Power-Normalized Cepstral Coefficients ({PNCC}) for robust speech recognition}, 
  year={2012},
  volume={},
  number={},
  pages={4101-4104},
  doi={10.1109/ICASSP.2012.6288820}}



@INPROCEEDINGS{rir,
  author={Ko, T. and Peddinti, V. and Povey, D. and Seltzer, M. L. and Khudanpur, S.},
  booktitle={Proc. ICASSP}, 
  title={A study on data augmentation of reverberant speech for robust speech recognition}, 
  year={2017},
  volume={},
  number={},
  pages={5220-5224},
  doi={10.1109/ICASSP.2017.7953152}
}

@article{musan,
  author    = {D. Snyder and
               G. Chen and
               D. Povey},
  title     = {{MUSAN:} {A} Music, Speech, and Noise Corpus},
  journal   = {CoRR},
  volume    = {abs/1510.08484},
  year      = {2015},
  url       = {http://arxiv.org/abs/1510.08484},
  archivePrefix = {arXiv},
  eprint    = {1510.08484}
}

@InProceedings{plda,
    author="Ioffe, S.",
    title="Probabilistic Linear Discriminant Analysis",
    booktitle="ECCV 2006",
    year="2006",
    pages="531--542"
}

@book{image_processing,
  address = {Upper Saddle River, N.J.},
  author = {Gonzalez, Rafael C. and Woods, Richard E.},
  description = {Digital Image Processing (3rd Edition)},
  publisher = {Prentice Hall},
  refid = {137312858},
  title = {Digital image processing},
  url = {http://www.amazon.com/Digital-Image-Processing-3rd-Edition/dp/013168728X},
  year = 2008
}

@inproceedings{phase1,
  author={Erfan Loweimi and Jon Barker and Oscar Saz Torralba and Thomas Hain},
  title={Robust Source-Filter Separation of Speech Signal in the Phase Domain},
  year=2017,
  booktitle={Proc. Interspeech},
  pages={414--418},
  doi={10.21437/Interspeech.2017-210}
}

@article{phase2,
title = {Short-time phase spectrum in speech processing: A review and some experimental results},
journal = {Digital Signal Processing},
volume = {17},
number = {3},
pages = {578-616},
year = {2007},
issn = {1051-2004},
doi = {https://doi.org/10.1016/j.dsp.2006.06.007},
url = {https://www.sciencedirect.com/science/article/pii/S105120040600087X},
author = {Leigh D. Alsteris and Kuldip K. Paliwal},
}

@INPROCEEDINGS{enh_asv1,
  author={Zhang, Chunlei and others},
  booktitle={Proc. ICASSP}, 
  title={Towards Robust Speaker Verification with Target Speaker Enhancement}, 
  year={2021},
  volume={},
  number={},
  pages={6693-6697},
  doi={10.1109/ICASSP39728.2021.9414017}}
 
@INPROCEEDINGS{enh_asv2,
  author={Xie, Weidi and others},
  booktitle={Proc. ICASSP}, 
  title={Utterance-level Aggregation for Speaker Recognition in the Wild}, 
  year={2019},
  volume={},
  number={},
  pages={5791-5795},
  doi={10.1109/ICASSP.2019.8683120}
}


@inproceedings{voiceid,
  author={Suwon Shon and others},
  title={{VoiceID} Loss: Speech Enhancement for Speaker Verification},
  year=2019,
  booktitle={Proc. Interspeech},
  pages={2888--2892},
  doi={10.21437/Interspeech.2019-1496}
}

@inproceedings{snr_dependent_cd2,
  author={Babak Nasersharif and Ahmad Akbari},
  title={A framework for robust {MFCC} feature extraction using {SNR-dependent} compression of enhanced mel filter bank energies},
  year=2006,
  booktitle={Proc. Interspeech},
}